%YAML 1.1
%TAG !u! tag:unity3d.com,2011:
--- !u!1 &3677258560958360512
GameObject:
  m_ObjectHideFlags: 0
  m_CorrespondingSourceObject: {fileID: 0}
  m_PrefabInstance: {fileID: 0}
  m_PrefabAsset: {fileID: 0}
  serializedVersion: 6
  m_Component:
  - component: {fileID: 3677258560958360518}
  - component: {fileID: 3677258560958360519}
  - component: {fileID: 3677258560958360516}
  - component: {fileID: 3677258560958360517}
  - component: {fileID: 6353444188250004653}
  - component: {fileID: 8465596165635152441}
  - component: {fileID: 3102303270808372681}
  - component: {fileID: 8923149306809785470}
  - component: {fileID: 4005329714532269423}
  - component: {fileID: 7891864110341019420}
  m_Layer: 0
  m_Name: engineer_lv2
  m_TagString: Untagged
  m_Icon: {fileID: 0}
  m_NavMeshLayer: 0
  m_StaticEditorFlags: 0
  m_IsActive: 1
--- !u!4 &3677258560958360518
Transform:
  m_ObjectHideFlags: 0
  m_CorrespondingSourceObject: {fileID: 0}
  m_PrefabInstance: {fileID: 0}
  m_PrefabAsset: {fileID: 0}
  m_GameObject: {fileID: 3677258560958360512}
  m_LocalRotation: {x: 0, y: 0, z: 0, w: 1}
  m_LocalPosition: {x: 0, y: 0, z: 0}
  m_LocalScale: {x: 1, y: 1, z: 1}
  m_Children:
  - {fileID: 9097298921202939985}
  - {fileID: 1228015861056482136}
  m_Father: {fileID: 0}
  m_RootOrder: 0
  m_LocalEulerAnglesHint: {x: 0, y: 0, z: 0}
--- !u!65 &3677258560958360519
BoxCollider:
  m_ObjectHideFlags: 0
  m_CorrespondingSourceObject: {fileID: 0}
  m_PrefabInstance: {fileID: 0}
  m_PrefabAsset: {fileID: 0}
  m_GameObject: {fileID: 3677258560958360512}
  m_Material: {fileID: 0}
  m_IsTrigger: 0
  m_Enabled: 1
  serializedVersion: 2
  m_Size: {x: 1, y: 2, z: 1}
  m_Center: {x: 0, y: 1, z: 0}
--- !u!114 &3677258560958360516
MonoBehaviour:
  m_ObjectHideFlags: 0
  m_CorrespondingSourceObject: {fileID: 0}
  m_PrefabInstance: {fileID: 0}
  m_PrefabAsset: {fileID: 0}
  m_GameObject: {fileID: 3677258560958360512}
  m_Enabled: 1
  m_EditorHideFlags: 0
  m_Script: {fileID: 11500000, guid: 8f1724dd34ab470a98abf0e6815e7e79, type: 3}
  m_Name: 
  m_EditorClassIdentifier: 
  entityType: 2
--- !u!114 &3677258560958360517
MonoBehaviour:
  m_ObjectHideFlags: 0
  m_CorrespondingSourceObject: {fileID: 0}
  m_PrefabInstance: {fileID: 0}
  m_PrefabAsset: {fileID: 0}
  m_GameObject: {fileID: 3677258560958360512}
  m_Enabled: 1
  m_EditorHideFlags: 0
  m_Script: {fileID: 11500000, guid: 38aa01575db245d8a2c91149ae3d65fd, type: 3}
  m_Name: 
  m_EditorClassIdentifier: 
  inventoryEventSo: {fileID: 11400000, guid: e1ecb895594b23a4ca60fc6f117b187f, type: 2}
--- !u!114 &6353444188250004653
MonoBehaviour:
  m_ObjectHideFlags: 0
  m_CorrespondingSourceObject: {fileID: 0}
  m_PrefabInstance: {fileID: 0}
  m_PrefabAsset: {fileID: 0}
  m_GameObject: {fileID: 3677258560958360512}
  m_Enabled: 1
  m_EditorHideFlags: 0
  m_Script: {fileID: 11500000, guid: 34b0cee6dfe2408aa467dbe23199b096, type: 3}
  m_Name: 
  m_EditorClassIdentifier: 
--- !u!114 &8465596165635152441
MonoBehaviour:
  m_ObjectHideFlags: 0
  m_CorrespondingSourceObject: {fileID: 0}
  m_PrefabInstance: {fileID: 0}
  m_PrefabAsset: {fileID: 0}
  m_GameObject: {fileID: 3677258560958360512}
  m_Enabled: 1
  m_EditorHideFlags: 0
  m_Script: {fileID: 11500000, guid: 803328cbcfa941238ef9f3b51103b4d5, type: 3}
  m_Name: 
  m_EditorClassIdentifier: 
--- !u!114 &3102303270808372681
MonoBehaviour:
  m_ObjectHideFlags: 0
  m_CorrespondingSourceObject: {fileID: 0}
  m_PrefabInstance: {fileID: 0}
  m_PrefabAsset: {fileID: 0}
  m_GameObject: {fileID: 3677258560958360512}
  m_Enabled: 1
  m_EditorHideFlags: 0
  m_Script: {fileID: 11500000, guid: cd8c33d7459d448981248ed233210beb, type: 3}
  m_Name: 
  m_EditorClassIdentifier: 
--- !u!114 &8923149306809785470
MonoBehaviour:
  m_ObjectHideFlags: 0
  m_CorrespondingSourceObject: {fileID: 0}
  m_PrefabInstance: {fileID: 0}
  m_PrefabAsset: {fileID: 0}
  m_GameObject: {fileID: 3677258560958360512}
  m_Enabled: 1
  m_EditorHideFlags: 0
  m_Script: {fileID: 11500000, guid: 81e0c9d2f1e04e92bbeb4d04529071d2, type: 3}
  m_Name: 
  m_EditorClassIdentifier: 
  weaponSo: {fileID: 11400000, guid: bcd2b34594265b843b4b1d550dfbd5e6, type: 2}
  headTransform: {fileID: 283906698306102846}
  shootTransform: {fileID: 3979438325457207490}
  lookTargetSpeed: 15
--- !u!114 &4005329714532269423
MonoBehaviour:
  m_ObjectHideFlags: 0
  m_CorrespondingSourceObject: {fileID: 0}
  m_PrefabInstance: {fileID: 0}
  m_PrefabAsset: {fileID: 0}
  m_GameObject: {fileID: 3677258560958360512}
  m_Enabled: 1
  m_EditorHideFlags: 0
  m_Script: {fileID: 11500000, guid: 1140edc13e5142708035e62f8daf97f7, type: 3}
  m_Name: 
  m_EditorClassIdentifier: 
--- !u!114 &7891864110341019420
MonoBehaviour:
  m_ObjectHideFlags: 0
  m_CorrespondingSourceObject: {fileID: 0}
  m_PrefabInstance: {fileID: 0}
  m_PrefabAsset: {fileID: 0}
  m_GameObject: {fileID: 3677258560958360512}
  m_Enabled: 1
  m_EditorHideFlags: 0
  m_Script: {fileID: 11500000, guid: e98232b175854d2aaf0ab4ec431e296a, type: 3}
  m_Name: 
  m_EditorClassIdentifier: 
--- !u!1001 &1374728237464078847
PrefabInstance:
  m_ObjectHideFlags: 0
  serializedVersion: 2
  m_Modification:
    m_TransformParent: {fileID: 3677258560958360518}
    m_Modifications:
    - target: {fileID: 7358826315980925716, guid: 1f511e617a6fffb4a90ede95d4fba5e0, type: 3}
      propertyPath: m_Name
      value: tower_engineer_base
      objectReference: {fileID: 0}
    - target: {fileID: 7877953702414692782, guid: 1f511e617a6fffb4a90ede95d4fba5e0, type: 3}
      propertyPath: m_RootOrder
      value: 0
      objectReference: {fileID: 0}
    - target: {fileID: 7877953702414692782, guid: 1f511e617a6fffb4a90ede95d4fba5e0, type: 3}
      propertyPath: m_LocalPosition.x
      value: 0
      objectReference: {fileID: 0}
    - target: {fileID: 7877953702414692782, guid: 1f511e617a6fffb4a90ede95d4fba5e0, type: 3}
      propertyPath: m_LocalPosition.y
      value: 0
      objectReference: {fileID: 0}
    - target: {fileID: 7877953702414692782, guid: 1f511e617a6fffb4a90ede95d4fba5e0, type: 3}
      propertyPath: m_LocalPosition.z
      value: 0
      objectReference: {fileID: 0}
    - target: {fileID: 7877953702414692782, guid: 1f511e617a6fffb4a90ede95d4fba5e0, type: 3}
      propertyPath: m_LocalRotation.w
      value: 1
      objectReference: {fileID: 0}
    - target: {fileID: 7877953702414692782, guid: 1f511e617a6fffb4a90ede95d4fba5e0, type: 3}
      propertyPath: m_LocalRotation.x
      value: 0
      objectReference: {fileID: 0}
    - target: {fileID: 7877953702414692782, guid: 1f511e617a6fffb4a90ede95d4fba5e0, type: 3}
      propertyPath: m_LocalRotation.y
      value: -0
      objectReference: {fileID: 0}
    - target: {fileID: 7877953702414692782, guid: 1f511e617a6fffb4a90ede95d4fba5e0, type: 3}
      propertyPath: m_LocalRotation.z
      value: -0
      objectReference: {fileID: 0}
    - target: {fileID: 7877953702414692782, guid: 1f511e617a6fffb4a90ede95d4fba5e0, type: 3}
      propertyPath: m_LocalEulerAnglesHint.x
      value: 0
      objectReference: {fileID: 0}
    - target: {fileID: 7877953702414692782, guid: 1f511e617a6fffb4a90ede95d4fba5e0, type: 3}
      propertyPath: m_LocalEulerAnglesHint.y
      value: 0
      objectReference: {fileID: 0}
    - target: {fileID: 7877953702414692782, guid: 1f511e617a6fffb4a90ede95d4fba5e0, type: 3}
      propertyPath: m_LocalEulerAnglesHint.z
      value: 0
      objectReference: {fileID: 0}
    m_RemovedComponents: []
  m_SourcePrefab: {fileID: 100100000, guid: 1f511e617a6fffb4a90ede95d4fba5e0, type: 3}
--- !u!4 &9097298921202939985 stripped
Transform:
  m_CorrespondingSourceObject: {fileID: 7877953702414692782, guid: 1f511e617a6fffb4a90ede95d4fba5e0, type: 3}
  m_PrefabInstance: {fileID: 1374728237464078847}
  m_PrefabAsset: {fileID: 0}
--- !u!4 &283906698306102846 stripped
Transform:
  m_CorrespondingSourceObject: {fileID: 1217282170119090113, guid: 1f511e617a6fffb4a90ede95d4fba5e0, type: 3}
  m_PrefabInstance: {fileID: 1374728237464078847}
  m_PrefabAsset: {fileID: 0}
--- !u!4 &3979438325457207490 stripped
Transform:
  m_CorrespondingSourceObject: {fileID: 2606961993051867453, guid: 1f511e617a6fffb4a90ede95d4fba5e0, type: 3}
  m_PrefabInstance: {fileID: 1374728237464078847}
  m_PrefabAsset: {fileID: 0}
--- !u!1001 &7008424399576622682
PrefabInstance:
  m_ObjectHideFlags: 0
  serializedVersion: 2
  m_Modification:
    m_TransformParent: {fileID: 3677258560958360518}
    m_Modifications:
    - target: {fileID: 2203246771078908748, guid: fc16180230b3e354dbd1d6c666231edb, type: 3}
      propertyPath: m_Name
      value: level_2_base
      objectReference: {fileID: 0}
    - target: {fileID: 8090757621530807554, guid: fc16180230b3e354dbd1d6c666231edb, type: 3}
      propertyPath: m_RootOrder
      value: 1
      objectReference: {fileID: 0}
    - target: {fileID: 8090757621530807554, guid: fc16180230b3e354dbd1d6c666231edb, type: 3}
      propertyPath: m_LocalPosition.x
      value: 0
      objectReference: {fileID: 0}
    - target: {fileID: 8090757621530807554, guid: fc16180230b3e354dbd1d6c666231edb, type: 3}
      propertyPath: m_LocalPosition.y
      value: 0
      objectReference: {fileID: 0}
    - target: {fileID: 8090757621530807554, guid: fc16180230b3e354dbd1d6c666231edb, type: 3}
      propertyPath: m_LocalPosition.z
      value: 0
      objectReference: {fileID: 0}
    - target: {fileID: 8090757621530807554, guid: fc16180230b3e354dbd1d6c666231edb, type: 3}
      propertyPath: m_LocalRotation.w
      value: 1
      objectReference: {fileID: 0}
    - target: {fileID: 8090757621530807554, guid: fc16180230b3e354dbd1d6c666231edb, type: 3}
      propertyPath: m_LocalRotation.x
      value: 0
      objectReference: {fileID: 0}
    - target: {fileID: 8090757621530807554, guid: fc16180230b3e354dbd1d6c666231edb, type: 3}
      propertyPath: m_LocalRotation.y
      value: 0
      objectReference: {fileID: 0}
    - target: {fileID: 8090757621530807554, guid: fc16180230b3e354dbd1d6c666231edb, type: 3}
      propertyPath: m_LocalRotation.z
      value: 0
      objectReference: {fileID: 0}
    - target: {fileID: 8090757621530807554, guid: fc16180230b3e354dbd1d6c666231edb, type: 3}
      propertyPath: m_LocalEulerAnglesHint.x
      value: 0
      objectReference: {fileID: 0}
    - target: {fileID: 8090757621530807554, guid: fc16180230b3e354dbd1d6c666231edb, type: 3}
      propertyPath: m_LocalEulerAnglesHint.y
      value: 0
      objectReference: {fileID: 0}
    - target: {fileID: 8090757621530807554, guid: fc16180230b3e354dbd1d6c666231edb, type: 3}
      propertyPath: m_LocalEulerAnglesHint.z
      value: 0
      objectReference: {fileID: 0}
    m_RemovedComponents: []
  m_SourcePrefab: {fileID: 100100000, guid: fc16180230b3e354dbd1d6c666231edb, type: 3}
--- !u!4 &1228015861056482136 stripped
Transform:
  m_CorrespondingSourceObject: {fileID: 8090757621530807554, guid: fc16180230b3e354dbd1d6c666231edb, type: 3}
  m_PrefabInstance: {fileID: 7008424399576622682}
  m_PrefabAsset: {fileID: 0}
